<?xml version="1.0" encoding="UTF-8"?><record xmlns="http://www.loc.gov/MARC21/slim" xmlns:cinclude="http://apache.org/cocoon/include/1.0" xmlns:zs="http://www.loc.gov/zing/srw/">
  <leader>00599cz  a2200157n  4500</leader>
  <controlfield tag="001">n  84005632 </controlfield>
  <controlfield tag="003">DLC</controlfield>
  <controlfield tag="005">20000919182632.0</controlfield>
  <controlfield tag="008">840628nc acannaabn          |a ana |||  </controlfield>
  <datafield tag="010" ind1=" " ind2=" ">
    <subfield code="a">n  84005632 </subfield>
  </datafield>
  <datafield tag="035" ind1=" " ind2=" ">
    <subfield code="a">(OCoLC)oca01133944</subfield>
  </datafield>
  <datafield tag="040" ind1=" " ind2=" ">
    <subfield code="a">DLC</subfield>
    <subfield code="b">eng</subfield>
    <subfield code="c">DLC</subfield>
    <subfield code="d">DLC</subfield>
    <subfield code="d">OCoLC</subfield>
  </datafield>
  <datafield tag="110" ind1="2" ind2=" ">
    <subfield code="a">Guo jia jian wei san zhuang shui ni ban gong shi (China)</subfield>
  </datafield>
  <datafield tag="410" ind1="2" ind2=" ">
    <subfield code="w">nne</subfield>
    <subfield code="a">Kuo chia chien wei san chuang shui ni pan kung shih (China)</subfield>
  </datafield>
  <datafield tag="410" ind1="1" ind2=" ">
    <subfield code="a">China.</subfield>
    <subfield code="b">Guo jia jian she wei yuan hui.</subfield>
    <subfield code="b">San zhuang shui ni ban gong shi</subfield>
  </datafield>
  <datafield tag="670" ind1=" " ind2=" ">
    <subfield code="a">San chuang shui ni, 1982:</subfield>
    <subfield code="b">t.p. (Kuo chia chien wei san chuang shui ni pan kung shih)</subfield>
  </datafield>
</record>